

@Article{citeKey1,
author = {Yoo, Jang-Hee and Park, Sohee and Lee, Yongjin},
year = {2017},
month = {11},
pages = {},
title = {Real-Time Age and Gender Estimation from Face Images}
}

@Article{citeKey2,
author={Angulu, Raphael
and Tapamo, Jules R.
and Adewumi, Aderemi O.},
title={Age estimation via face images: a survey},
journal={EURASIP Journal on Image and Video Processing},
year={2018},
volume={2018},
number={1},
pages={42},
}

@Article{citeKey3,
author={Viola, Paul
and Jones, Michael J.},
title={Robust Real-Time Face Detection},
journal={International Journal of Computer Vision},
year={2004},
volume={57},
number={2},
pages={137-154},
}

@Article{citeKey4,
author={G. {Antipov} and M. {Baccouche} and S. {Berrani} and J. {Dugelay}},
booktitle={2016 IEEE Conference on Computer Vision and Pattern Recognition Workshops (CVPRW)},
title={Apparent Age Estimation from Face Images Combining General and Children-Specialized Deep Learning Models},
year={2016},
volume={},
number={},
pages={801-809},
keywords={face recognition;learning (artificial intelligence);neural nets;apparent age estimation;face images;children-specialized deep learning models;ChaLearn LAP competition;VGG-16 convolutional neural network;face recognition;biological age estimation;children age estimation;age encoding strategies;face alignment;Estimation;Encoding;Biological information theory;Face;Training;Aging},
doi={10.1109/CVPRW.2016.105},
ISSN={2160-7516},
month={June},}

@INPROCEEDINGS{citeKey5,
author={M. {Uřičář} and V. {Franc} and D. {Thomas} and A. {Sugimoto} and V. {Hlaváč}},
booktitle={2015 11th IEEE International Conference and Workshops on Automatic Face and Gesture Recognition (FG)},
title={Real-time multi-view facial landmark detector learned by the structured output SVM},
year={2015},
volume={02},
number={},
pages={1-8},
keywords={computer vision;face recognition;image classification;support vector machines;real-time multiview facial landmark detector;structured output SVM;computer vision community;yaw angle;deformable part model;viewing angle estimation;structured output classification framework;annotated facial landmark;Detectors;Face;Shape;Estimation;Training;Joints;Support vector machines},
doi={10.1109/FG.2015.7284810},
ISSN={null},
month={May},}

@INPROCEEDINGS{citeKey6,
  booktitle = {Deepface},
  author={Serengil, Sefik Ilkin},
  title={A Lightweight Face Recognition and Facial Attribute Analysis Framework for Python},
  url = {https://github.com/serengil/deepface},
  year={2020}
}

@INPROCEEDINGS{citeKey7,
  author = {Rasmus Rothe and Radu Timofte and Luc Van Gool},
  title = {Deep expectation of real and apparent age from a single image without facial landmarks},
  journal = {International Journal of Computer Vision},
  volume={126},
  number={2-4},
  pages={144--157},
  year={2018},
  publisher={Springer}
}
@INPROCEEDINGS{citeKey8,
  title={Adam: A method for stochastic optimization},
  author={Kingma, Diederik P and Ba, Jimmy},
  journal={arXiv preprint arXiv:1412.6980},
  year={2014}
}

@article{citekey9,
  title={Joint face detection and alignment using multitask cascaded convolutional networks},
  author={Zhang, Kaipeng and Zhang, Zhanpeng and Li, Zhifeng and Qiao, Yu},
  journal={IEEE Signal Processing Letters},
  volume={23},
  number={10},
  pages={1499--1503},
  year={2016},
  publisher={IEEE}
}

@inproceedings{citekey10,
author = {Evgeniou, Theodoros and Pontil, Massimiliano},
year = {2001},
month = {01},
pages = {249-257},
title = {Support Vector Machines: Theory and Applications},
volume = {2049},
doi = {10.1007/3-540-44673-7_12}
}

@article{citekey11,
  title={On the doubt about margin explanation of boosting},
  author={Gao, Wei and Zhou, Zhi-Hua},
  journal={Artificial Intelligence},
  volume={203},
  pages={1--18},
  year={2013},
  publisher={Elsevier}
}

@article{citekey12,
  title={Local binary patterns and its application to facial image analysis: a survey},
  author={Huang, Di and Shan, Caifeng and Ardabilian, Mohsen and Wang, Yunhong and Chen, Liming},
  journal={IEEE Transactions on Systems, Man, and Cybernetics, Part C (Applications and Reviews)},
  volume={41},
  number={6},
  pages={765--781},
  year={2011},
  publisher={IEEE}
}

@inproceedings{citekey13,
author = {Ricanek, Karl and Tesafaye, T.},
year = {2006},
month = {05},
pages = {341 - 345},
title = {MORPH: A longitudinal image database of normal adult age-progression},
volume = {2006},
isbn = {0-7695-2503-2},
journal = {FGR 2006: Proceedings of the 7th International Conference on Automatic Face and Gesture Recognition},
doi = {10.1109/FGR.2006.78}
}
@INPROCEEDINGS{citekey14,
author = { Yanwei Fu and Timothy M. Hospedales and Tao Xiang and Yuan Yao and Shaogang Gong},
title = {Interestingness Prediction by Robust Learning to Rank},
booktitle = {ECCV},
year = {2014}
}

@inproceedings{citekey15,
author = {Escalera, Sergio and Baró, Xavier and Gonzàlez, Jordi and Bautista, Miguel and Madadi, Meysam and Reyes, Miguel and Ponce-López, Víctor and Escalante, Hugo Jair and Shotton, Jamie and Guyon, Isabelle},
year = {2015},
month = {03},
pages = {459-473},
title = {ChaLearn Looking at People Challenge 2014: Dataset and Results},
doi = {10.1007/978-3-319-16178-5_32}
}

@article{citekey16,
author = {Wang, Weijie and Lu, Yanmin},
year = {2018},
month = {03},
pages = {012049},
title = {Analysis of the Mean Absolute Error (MAE) and the Root Mean Square Error (RMSE) in Assessing Rounding Model},
volume = {324},
journal = {IOP Conference Series: Materials Science and Engineering},
doi = {10.1088/1757-899X/324/1/012049}
}
@inproceedings{citekey17,
Author = {Bor-Chun Chen and Chu-Song Chen and Winston H. Hsu},
Booktitle = {Proceedings of the European Conference on Computer Vision ({ECCV})},
Title = {Cross-Age Reference Coding for Age-Invariant Face Recognition and Retrieval},
Year = {2014}
}

@inproceedings{citekey18,
  title={Digital watermarking using multiresolution wavelet decomposition},
  author={Kundur, Deepa and Hatzinakos, Dimitrios},
  booktitle={Proceedings of the 1998 IEEE International Conference on Acoustics, Speech and Signal Processing, ICASSP'98 (Cat. No. 98CH36181)},
  volume={5},
  pages={2969--2972},
  year={1998},
  organization={IEEE}
}

@article{citekey19,
author = {Chen, Hongling and Haoyu, Chen},
year = {2019},
month = {05},
pages = {012015},
title = {Face Recognition Algorithm Based on VGG Network Model and SVM},
volume = {1229},
journal = {Journal of Physics: Conference Series},
doi = {10.1088/1742-6596/1229/1/012015}
}

@inproceedings{citekey20,
  title={Deep residual learning for image recognition},
  author={He, Kaiming and Zhang, Xiangyu and Ren, Shaoqing and Sun, Jian},
  booktitle={Proceedings of the IEEE conference on computer vision and pattern recognition},
  pages={770--778},
  year={2016}
}